@article{testref,
  author = {Author, A.},
  title = {Test Reference},
  journal = {Test Journal},
  year = {2024}
}