@article{kampouris2022microgeometry,
  title={Fine-Grained Material Classification Using Micro-geometry and Reflectance},
  author={Kampouris, Nikolaos and others},
  journal={CVPR},
  year={2022}
}

@article{sabuncu2020oct,
  title={Optical Coherence Tomography Image Dataset of Textile Fabrics},
  author={Sabuncu, Metin and Ozdemir, Ercan},
  journal={Data in Brief},
  year={2020}
}

@article{zhong2020textilenet,
  title={TextileNet: A Material Taxonomy-Based Fashion Textile Dataset},
  author={Zhong, Shu and others},
  journal={Pattern Recognition Letters},
  year={2020}
}

@inproceedings{hong2020cnn,
  title={Research on Classification of Clothing Fabrics Images Based on Convolutional Neural Network},
  author={Hong, Ying and others},
  booktitle={Proceedings of ICMLC},
  year={2020}
}

@article{siam2021textilenet,
  title={TextileNet: A Deep Learning Approach for Textile Fabric Material Identification from OCT and Macro Images},
  author={Siam, Abu Sayem and others},
  journal={Textile Research Journal},
  year={2021}
}

@article{chitra2022vit,
  title={Fabric Composition Identification using Fine-Tuned Vision Transformers},
  author={Chitra, G M and others},
  journal={Procedia Computer Science},
  year={2022}
}

@article{dosovitskiy2020vit,
  title={An Image is Worth 16x16 Words: Transformers for Image Recognition at Scale},
  author={Dosovitskiy, Alexey and others},
  journal={arXiv preprint arXiv:2010.11929},
  year={2020}
}

@article{krizhevsky2012imagenet,
  title={ImageNet Classification with Deep Convolutional Neural Networks},
  author={Krizhevsky, Alex and Sutskever, Ilya and Hinton, Geoffrey E},
  journal={Communications of the ACM},
  volume={60},
  number={6},
  pages={84--90},
  year={2012}
}

@misc{paloalto_soar,
  title={Demystifying SOAR: What It Is and How It Works},
  author={Palo Alto Networks},
  year={2021},
  note={\url{https://www.paloaltonetworks.com/soar}}
}

@misc{mitre_attack,
  title={MITRE ATT\&CK Framework},
  author={MITRE},
  note={\url{https://attack.mitre.org/}},
  year={2021}
}

@misc{ibm_soc,
  title={How Security Operations Centers Work},
  author={IBM Security},
  year={2022},
  note={\url{https://www.ibm.com/topics/security-operations-center}}
}

@techreport{nist80061,
  title={Computer Security Incident Handling Guide},
  author={Grance, Tim and Kent, Karen and Kim, Brian},
  institution={NIST Special Publication 800-61 Revision 2},
  year={2012}
}
